// EXAMPLE

@misc{UnityCollision,
title={Unity - Scripting API: Collider.OnCollisionEnter(Collision)},
url={https://docs.unity3d.com/ScriptReference/Collider.OnCollisionEnter.html},
journal={Docs.unity3d.com},
author={Technologies, Unity},
note={Accesed on 2018-03-18}
}

// EXAMPLE